<?xml version="1.0" encoding="UTF-8"?><record xmlns="http://www.loc.gov/MARC21/slim" xmlns:cinclude="http://apache.org/cocoon/include/1.0" xmlns:zs="http://www.loc.gov/zing/srw/">
  <leader>00453nz  a2200133n  4500</leader>
  <controlfield tag="001">n 2008050006</controlfield>
  <controlfield tag="003">DLC</controlfield>
  <controlfield tag="005">20080725075341.0</controlfield>
  <controlfield tag="008">080724n| acannaabn          |a aaa      </controlfield>
  <datafield tag="010" ind1=" " ind2=" ">
    <subfield code="a">n 2008050006</subfield>
  </datafield>
  <datafield tag="040" ind1=" " ind2=" ">
    <subfield code="a">DLC</subfield>
    <subfield code="b">eng</subfield>
    <subfield code="c">DLC</subfield>
  </datafield>
  <datafield tag="100" ind1="1" ind2=" ">
    <subfield code="a">Rahikainen, Agneta.</subfield>
    <subfield code="t">Johan Ludvig &amp; Fredrika Runeberg : en bildbiografi.</subfield>
    <subfield code="l">Finnish</subfield>
  </datafield>
  <datafield tag="400" ind1="1" ind2=" ">
    <subfield code="a">Rahikainen, Agneta.</subfield>
    <subfield code="t">Johan Ludvig ja Fredrika Runeberg</subfield>
  </datafield>
  <datafield tag="670" ind1=" " ind2=" ">
    <subfield code="a">Rahikainen, Agneta. Johan Ludvig ja Fredrika Runeberg, 2004</subfield>
  </datafield>
</record>